<collection xmlns="http://www.loc.gov/MARC21/slim">
<record>
  <leader>01298nam0a22002651i 450 </leader>
  <controlfield tag="001">IT\ICCU\CNCE\023806</controlfield>
  <controlfield tag="005">19990329000000.0</controlfield>
  <datafield tag="012" ind1=" " ind2=" ">
    <subfield code="a">l-sa don- e-s- opCl (3) 1571 (R)</subfield>
    <subfield code="2">fei</subfield>
  </datafield>
  <datafield tag="100" ind1=" " ind2=" ">
    <subfield code="a">19970717d1571        0itac0103    ba</subfield>
  </datafield>
  <datafield tag="101" ind1=" " ind2=" ">
    <subfield code="a">LAT</subfield>
  </datafield>
  <datafield tag="102" ind1=" " ind2=" ">
    <subfield code="a">IT</subfield>
  </datafield>
  <datafield tag="200" ind1="1" ind2=" ">
    <subfield code="a">Consiliorum siue Responsorum Pauli Castrensis volumen tertium ... Cum eruditis adnotationibus, rerum notabilium Summis ... Indice Balthasaris Quinctii Aquilensis</subfield>
  </datafield>
  <datafield tag="210" ind1=" " ind2=" ">
    <subfield code="a">Venetiis</subfield>
    <subfield code="c">apud Gasparem Bindonum</subfield>
    <subfield code="d">&amp; socios</subfield>
    <subfield code="d">1571</subfield>
  </datafield>
  <datafield tag="215" ind1=" " ind2=" ">
    <subfield code="a">57, \9! c.</subfield>
    <subfield code="d">fol</subfield>
  </datafield>
  <datafield tag="620" ind1=" " ind2=" ">
    <subfield code="a">IT</subfield>
    <subfield code="d">Venezia</subfield>
  </datafield>
  <datafield tag="700" ind1=" " ind2="0">
    <subfield code="a">Paolo</subfield>
    <subfield code="c"> : di#Castro</subfield>
    <subfield code="3">IT\ICCU\CNCA\003176</subfield>
  </datafield>
  <datafield tag="712" ind1="0" ind2="0">
    <subfield code="a">Bindoni, Gaspare &lt;1.&gt; &amp; C.</subfield>
    <subfield code="3">IT\ICCU\CNCT\003088</subfield>
    <subfield code="4">650</subfield>
  </datafield>
  <datafield tag="712" ind1="0" ind2="0">
    <subfield code="a">De_Franceschi, Francesco &lt;senese&gt; &amp; Bindoni, Gaspare &lt;1.&gt; &amp; Bevilacqua, Niccol ̣&amp; Zenaro, Damiano</subfield>
    <subfield code="3">IT\ICCU\CNCT\000866</subfield>
    <subfield code="4">650</subfield>
  </datafield>
  <datafield tag="790" ind1=" " ind2="1">
    <subfield code="a">Castro,</subfield>
    <subfield code="b">Paolo : di</subfield>
    <subfield code="3">IT\ICCU\CNCA\007923</subfield>
    <subfield code="z">Paolo : di#Castro</subfield>
  </datafield>
  <datafield tag="790" ind1=" " ind2="0">
    <subfield code="a">Paulus</subfield>
    <subfield code="c"> : Castrensis</subfield>
    <subfield code="3">IT\ICCU\CNCA\014688</subfield>
    <subfield code="z">Paolo : di#Castro</subfield>
  </datafield>
  <datafield tag="790" ind1=" " ind2="0">
    <subfield code="a">Paolo</subfield>
    <subfield code="c"> : da#Castro</subfield>
    <subfield code="3">IT\ICCU\CNCA\021479</subfield>
    <subfield code="z">Paolo : di#Castro</subfield>
  </datafield>
  <datafield tag="790" ind1=" " ind2="0">
    <subfield code="a">Paulus</subfield>
    <subfield code="c"> : de#Castro</subfield>
    <subfield code="3">IT\ICCU\CNCA\021480</subfield>
    <subfield code="z">Paolo : di#Castro</subfield>
  </datafield>
  <datafield tag="801" ind1=" " ind2="3">
    <subfield code="a">IT</subfield>
    <subfield code="b">ICCU</subfield>
    <subfield code="c">20201114</subfield>
  </datafield>
  <datafield tag="899" ind1=" " ind2=" ">
    <subfield code="a">Biblioteca dell&apos;Archivio di Stato di Perugia. Perugia</subfield>
    <subfield code="1">PG0103</subfield>
    <subfield code="2">UM1 50</subfield>
  </datafield>
  <datafield tag="899" ind1=" " ind2=" ">
    <subfield code="a">Biblioteca nazionale centrale. Roma</subfield>
    <subfield code="1">RM0267</subfield>
    <subfield code="2">BVE CR</subfield>
  </datafield>
</record>
</collection>
